@online{gameengine,
  author = {Unity Technologies},
  title = {Game engines - how do they work?},
  url = {https://unity3d.com/what-is-a-game-engine},
  urldate = {2019-02-13}
}
@online{unityplatforms,
  author = {Unity Technologies},
  url = {https://unity3d.com/unity/features/multiplatform},
  urldate = {2019-02-13}
}
@online{unitylanguage,
  author = {Unity Technologies},
  url = {https://unity.com/how-to/programming-unity},
  urldate = {2019-02-13}
}


